@inproceedings{JJ92,
    author = "J. Jiang and S. Jones",
    title = "Word-based dynamic algorithms for data compression",
    booktitle = "Communications, Speech and Vision",
    pages = "582--586",
    volume = "139",
    year = "1992",
    month = "December"
}

@inproceedings{HC92,
    author = "R. Nigel Horspool and Gordon V. Cormack",
    title = "Constructing Word-Based Text Compression Algorithms",
    booktitle = "Data Compression Conference",
    pages = "62--71",
    year = "1992"
}

@ARTICLE{LZ77,
	AUTHOR       = "Jacob Ziv and Abraham Lempel",
	TITLE        = "A Universal Algorithm for Sequential Data Compression",
	JOURNAL      = "IEEE Transactions on Information Theory",
	YEAR         = "1977",
	VOLUME       = "23",
	NUMBER       = "3",
	PAGES        = "337--343",
	MONTH        = "May",
	NOTE         = ""
}

@ARTICLE{SS82,
	AUTHOR = "James A. Storer and Thomas G. Szymanski",
	TITLE = "Data compression via textual substitution",
	JOURNAL = "J. ACM",
	YEAR = "1982",
	VOLUME = "29",
	NUMBER = "4",
	PAGES = "928--951",
	PUBLISHER = "ACM",
	ADDRESS = "New York, NY, USA"
}

@ARTICLE{LZ78,
    AUTHOR = "Jacob Ziv and Abraham Lempel",
    TITLE = "Compression of Individual Sequences via Variable-Rate Coding",
    JOURNAL = "IEEE Transactions on Information Theory",
    YEAR = "1978",
    VOLUME = "24",
    NUMBER = "5",
    PAGES = "530--536",
    MONTH = "September"
}

@ARTICLE{LZW84,
    AUTHOR = {T. A. Welch},
    TITLE = {A Technique for High-Performance Data Compression},
    JOURNAL = {Computer},
    VOLUME = {17},
    NUMBER = {6},
    YEAR = {1984},
    PAGES= {8--19},
    PUBLISHER = {IEEE Computer Society Press},
    ADDRESS = {Los Alamitos, CA, USA}
}

@ARTICLE{HLLW72,
  AUTHOR    = {Wilbur D. Hagamen and
               David J. Linden and
               Harvey S. Long and
               John C. Weber},
  TITLE     = {Encoding Verbal Information as Unique Numbers},
  JOURNAL   = {IBM Systems Journal},
  VOLUME    = {11},
  NUMBER    = {4},
  YEAR      = {1972},
  PAGES     = {278--315}
}

@article{Sh48,
	title = {A Mathematical Theory of Communication},
	author = {C. E. Shannon},
	journal = {The Bell System Technical Journal},
	month = {July, October},
	pages = {379--423, 623--656},
	volume = {27},
	year = {1948}
}

@article{BS86,
 author = {Jon Louis Bentley and Daniel D. Sleator and Robert E. Tarjan and Victor K. Wei},
 title = {A locally adaptive data compression scheme},
 journal = {Communications ACM},
 volume = {29},
 number = {4},
 year = {1986},
 pages = {320--330},
 publisher = {ACM},
 address = {New York, NY, USA}
}

@INPROCEEDINGS{HC84,
	AUTHOR       = {R. Nigel Horspool and Gordon V. Cormack},
	TITLE        = {A general purpose data compression technique with practical applications},
	BOOKTITLE    = {Proceedings of the CIPS Session 84},
	YEAR         = {1984},
	PAGES        = {138--141}
}

@ARTICLE{Ry80,
	AUTHOR       = {Boris Ya. Ryabko},
	TITLE        = {Data compression by means of a `book stack'},
	JOURNAL      = {Problems Information Transmission},
	YEAR         = {1980},
	VOLUME       = {16},
	NUMBER       = {4},
	PAGES        = {265--269}
}

@BOOK{BCW90,
 AUTHOR		="T. C. Bell and 
              J. G. Cleary and 
              I. H. Witten",
 TITLE		="Text compression",
 ADDRESS		="Englewood Cliffs",
 PUBLISHER	="Prentice Hall",
 YEAR			="1990"
}

@inproceedings{AB97,
 author = {Ross Arnold and Tim Bell},
 title = {A Corpus for the Evaluation of Lossless Compression Algorithms},
 booktitle = {DCC '97: Proceedings of the  Conference on Data Compression},
 year = {1997},
 pages = {201},
 publisher = {IEEE Computer Society},
 address = {Washington, DC, USA},
}

@misc{Po01,
author = {Matt Powel},
title = "The Canterbury Corpus {[online]}",
url = {http://corpus.canterbury.ac.nz/index.html},
type = {web page},
month = {{November}},
year = {{2001}},
note = "[Cited 2011-10-12]"
}

@inproceedings{Mo98,
 author    = {Alistair Moffat},
 title     = {Arithmetic coding revisited},
 booktitle = {ACM Trans. on Inf. Systems Vol 16},
 year      = {July 1998},
 pages     = {256-294}
}

@inproceedings{Br03,
 author    = {N. Brisaboa},
 title     = {An efficient compression code for text databases},
 booktitle = {25th European Conference on IR Research (ECIR 2003)},
 year      = {2003},
 pages     = {468-481}
} 

@book{bengio2017deep,
    title={Deep Learning},
    author={Ian Goodfellow and Yoshua Bengio and Aaron Courville},
    publisher={MIT Press},
    note={\url{http://www.deeplearningbook.org}},
    year={2016}
}

@inproceedings{abadi2016tensorflow,
  title={Tensorflow: A system for large-scale machine learning},
  author={Abadi, Mart{\'\i}n and Barham, Paul and Chen, Jianmin and Chen, Zhifeng and Davis, Andy and Dean, Jeffrey and Devin, Matthieu and Ghemawat, Sanjay and Irving, Geoffrey and Isard, Michael and others},
  booktitle={12th $\{$USENIX$\}$ Symposium on Operating Systems Design and Implementation ($\{$OSDI$\}$ 16)},
  pages={265--283},
  year={2016},
  isbn = {978-1617293870}
}
@INCOLLECTION{opencv_2020, 
    title={OpenCV},
    url={https://opencv.org/about/},
    journal={OpenCV},
    urldate="2020-04-13"
}


@article{frid2018gan,
  title={GAN-based synthetic medical image augmentation for increased CNN performance in liver lesion classification},
  author={Frid-Adar, Maayan and Diamant, Idit and Klang, Eyal and Amitai, Michal and Goldberger, Jacob and Greenspan, Hayit},
  journal={Neurocomputing},
  volume={321},
  pages={321--331},
  year={2018},
  publisher={Elsevier}
}

@article{huh2016makes,
  title={What makes ImageNet good for transfer learning?},
  author={Huh, Minyoung and Agrawal, Pulkit and Efros, Alexei A},
  journal={arXiv preprint arXiv:1608.08614},
  year={2016}
}

@article{bloice2017augmentor,
  title={Augmentor: an image augmentation library for machine learning},
  author={Bloice, Marcus D and Stocker, Christof and Holzinger, Andreas},
  journal={arXiv preprint arXiv:1708.04680},
  year={2017}
}

@online{ouaknine_2018,
  title={Review of Deep Learning Algorithms for Object Detection},
  url={https://medium.com/zylapp/review-of-deep-learning-algorithms-for-object-detection-c1f3d437b852}, 
  journal={Medium},
  publisher={Zyl Story},
  author={Ouaknine, Arthur},
  year={2018},
  month={2},
  urldate={2020-04-23}
}

@article{HORNIK1989359,
title = "Multilayer feedforward networks are universal approximators",
journal = "Neural Networks",
volume = "2",
number = "5",
pages = "359 - 366",
year = "1989",
issn = "0893-6080",
doi = "https://doi.org/10.1016/0893-6080(89)90020-8",
url = "http://www.sciencedirect.com/science/article/pii/0893608089900208",
author = "Kurt Hornik and Maxwell Stinchcombe and Halbert White",
keywords = "Feedforward networks, Universal approximation, Mapping networks, Network representation capability, Stone-Weierstrass Theorem, Squashing functions, Sigma-Pi networks, Back-propagation networks",
abstract = "This paper rigorously establishes that standard multilayer feedforward networks with as few as one hidden layer using arbitrary squashing functions are capable of approximating any Borel measurable function from one finite dimensional space to another to any desired degree of accuracy, provided sufficiently many hidden units are available. In this sense, multilayer feedforward networks are a class of universal approximators."
}

@online{saha_2018, 
  title={A Comprehensive Guide to Convolutional Neural Networks - the ELI5 way},
  url={https://towardsdatascience.com/a-comprehensive-guide-to-convolutional-neural-networks-the-eli5-way-3bd2b1164a53},
  journal={Medium},
  publisher={Towards Data Science},
  author={Saha, Sumit},
  year={2018},
  month={12},
  urldate={2020-04-25}
}

@online{zakharenko_2019,
    title={About Python}, url={https://www.learnpython.dev/02-introduction-to-python/010-best-practices/02-brief-history/},
    journal={GitHub},
    author={Zakharenko, Nina},
    year={2019},
    month={1},
    urldate={2020-04-23}
}

@online{numpy_2020,
    title={numpy},
    url={https://github.com/numpy/numpy},
    publisher={GitHub},
    author={Numpy},
    year={2020},
    month={4},
    urldate={2020-04-24}
}

@online{google_brain_2020,
    title={tensorflow/tensorflow}, 
    url={https://github.com/tensorflow/tensorflow}, 
    publisher={GitHub}, 
    author={Google Brain}, 
    year={2020}, 
    month={4},
    urldate={2020-04-24}
}

@misc{needs_citation,
    title={NEEDS CITATION},
    url={https://www.citationmachine.net/}
}
    
@online{google_brain,
    title={Why TensorFlow},
    url={https://www.tensorflow.org/about},
    publisher={TensorFlow},
    author={Google Brain},
    year={2020}, 
    month={4},
    urldate={2020-04-24}
}
    
@online{keras_main,
    title={Keras: The Python Deep Learning library},
    url={https://keras.io/},
    publisher={Keras Documentation}, 
    author={{Team Keras}},
    urldate={2020-04-25}
}
    
@online{keras_sequential,
    title={The Sequential model API},
    url={https://keras.io/models/sequential/},
    publisher={Keras Documentation}, 
    author={{Team Keras}},
    urldate={2020-04-25}
}    
    
@online{keras_functional,
    title={Model class API},
    url={https://keras.io/models/model/},
    publisher={Keras Documentation}, 
    author={{Team Keras}},
    urldate={2020-04-25}
}   
    
@online{keras_sequential_example,
    title={Getting started with the Keras Sequential model},
    url={https://keras.io/getting-started/sequential-model-guide/},
    publisher={Keras Documentation}, 
    author={{Team Keras}},
    urldate={2020-04-25}
}   

@online{imagenet_stats, 
    url={http://www.image-net.org/about-stats}, 
    publisher={ImageNet}, 
    author={Li, Fei-Fei},
    urldate={2020-04-26}
}

@incollection{alexnet,
    title = {ImageNet Classification with Deep Convolutional Neural Networks},
    author = {Alex Krizhevsky and Sutskever, Ilya and Hinton, Geoffrey E},
    booktitle = {Advances in Neural Information Processing Systems 25},
    editor = {F. Pereira and C. J. C. Burges and L. Bottou and K. Q. Weinberger},
    pages = {1097--1105},
    year = {2012},
    publisher = {Curran Associates, Inc.},
    url = {http://papers.nips.cc/paper/4824-imagenet-classification-with-deep-convolutional-neural-networks.pdf}
}


@online{thoma_2016, 
    title={XOR tutorial with TensorFlow}, url={https://martin-thoma.com/tf-xor-tutorial/},
    author={Thoma, Martin},
    year={2016},
    month={7},
    urldate={2020-04-26}
}    
    
@online{max_pooling_image,
    title={Convolutional Neural Networks}, url={https://cs231n.github.io/convolutional-networks/}, 
    publisher={github},
    author={Li, Fei-Fei and Krishna, Ranjay and Xu, Danfei},
    urldate = {2020-04-25}
}

@article{browne2000cross,
    title={Cross-validation methods},
    author={Browne, Michael W},
    publisher={Journal of mathematical psychology},
    volume={44},
    number={1},
    pages={108--132},
    year={2000},
    publisher={Elsevier}, 
    ISSN={0022-2496}
}
    
@article{vgg,
  title={Very deep convolutional networks for large-scale image recognition},
  author={Simonyan, Karen and Zisserman, Andrew},
  journal={arXiv preprint arXiv:1409.1556},
  year={2014}
}
    
@inproceedings{resnet152,
  title={Aggregated residual transformations for deep neural networks},
  author={Xie, Saining and Girshick, Ross and Doll{\'a}r, Piotr and Tu, Zhuowen and He, Kaiming},
  booktitle={Proceedings of the IEEE conference on computer vision and pattern recognition},
  pages={1492--1500},
  year={2017}, 
  issn={1063-6919}
}    

@article{fixefficientnet,
  title={Fixing the train-test resolution discrepancy: FixEfficientNet},
  author={Touvron, Hugo and Vedaldi, Andrea and Douze, Matthijs and J{\'e}gou, Herv{\'e}},
  journal={arXiv preprint arXiv:2003.08237},
  year={2020}
}
    
@online{himblot_2018, 
    title={Data augmentation : boost your image dataset with few lines of Python},
    url={https://mc.ai/data-augmentation-boost-your-image-dataset-with-few-lines-of-python/},
    journal={mc.ai},
    author={Himblot, Thomas},
    year={2018},
    month={3},
    urldate = {2020-05-13}
}    

@online{wessex_dataset,
    title={Sewer scanning CCTV footage}, url={https://marketplace.wessexwater.co.uk/dataset/29d6y/sewer-scanning-cctv-footage},
    journal={Wessex Water},
    author={{Wessex Water YTL Group}}, 
    year={2019},
    month={7},
    urldate={2020-05-16}
}    
    
@online{wessex_challenge,
    title={Wessex Water Marketplace - CCTV sewer surveys and AI challenge},
    url={https://marketplace.wessexwater.co.uk/challenges/bringing-ai-to-sewer-scanning-can-you-help/},
    journal={Wessex Water},
    urldate={2020-05-16},
    author={{Wessex Water YTL Group}}, 
}
    
@misc{mvi_extraction_notebook,
    title={mvi-sp},
    url={https://gitlab.fit.cvut.cz/tankoand/mvi-sp},
    journal={GitLab},
    author={Taňkoš , Andrej},
    urldate={2020-05-16}
}
    
@online{fix_random_values,
    title={Keras documentation: Keras FAQ}, url={https://keras.io/getting_started/faq/#how-can-i-obtain-reproducible-results-using-keras-during-development},
    journal={Keras},
    author={{Team Keras}},
    urldate={2020-05-16}
}

@online{keras_random_seed,
    title={Why can't I get reproducible results in Keras even though I set the random seeds?},
    url={https://stackoverflow.com/questions/50659482/why-cant-i-get-reproducible-results-in-keras-even-though-i-set-the-random-seeds},
    journal={Stack Overflow},
    author={DeltaIV and Outcast},
    urldate={2020-05-16}
}

@misc{lel2018umap,
    title={UMAP: Uniform Manifold Approximation and Projection for Dimension Reduction},
    author={Leland McInnes and John Healy and James Melville},
    year={2018},
    eprint={1802.03426},
    archivePrefix={arXiv},
    primaryClass={stat.ML}
}

@online{augmentor,
    title={Augmentor},
    url={https://augmentor.readthedocs.io/en/master/}, journal={Augmentor},
    author={D. Bloice, Marcus},
    urldate={2020-05-17}
}

@online{relu,
    title={A Gentle Introduction to the Rectified Linear Unit (ReLU)},
    url={https://machinelearningmastery.com/rectified-linear-activation-function-for-deep-learning-neural-networks/},
    journal={Machine Learning Mastery},
    author={Brownlee, Jason},
    urldate={2020-05-28}
}

@online{hassan_2018, 
    title={VGG16 - Convolutional Network for Classification and Detection},
    url={https://neurohive.io/en/popular-networks/vgg16/},
    journal={VGG16 - Convolutional Network for Classification and Detection},
    author={Hassan, Muneeb ul},
    year={2018},
    month={Nov},
    urldate={2020-05-29}
}

@inproceedings{resnet34_model,
  title={RAUNet: Residual Attention U-Net for Semantic Segmentation of Cataract Surgical Instruments},
  author={Ni, Zhen-Liang and Bian, Gui-Bin and Zhou, Xiao-Hu and Hou, Zeng-Guang and Xie, Xiao-Liang and Wang, Chen and Zhou, Yan-Jie and Li, Rui-Qi and Li, Zhen},
  booktitle={International Conference on Neural Information Processing},
  pages={139--149},
  year={2019},
  organization={Springer}
}

@online{theano,
    title={Welcome},
    url={http://deeplearning.net/software/theano/},
    journal={Welcome - Theano 1.0.0 documentation},
    author={{LISA lab}},
    urldate={2020-02-06}
}

@misc{microsoft_2020,
    title={microsoft/CNTK},
    url={https://github.com/Microsoft/CNTK},
    journal={GitHub},
    author={Microsoft},
    year={2020},
    month={Mar},
    urldate={2020-06-02}
}